<record><leader>00000cas a22000007a 4500</leader><controlfield tag="001">12004423</controlfield><controlfield tag="008">850507d19681982iauwr ne      0    0eng d</controlfield><datafield ind1=" " ind2=" " tag="010"><subfield code="a">sn 85050805 </subfield></datafield><datafield ind1=" " ind2=" " tag="040"><subfield code="a">INP</subfield><subfield code="b">eng</subfield><subfield code="c">INP</subfield><subfield code="d">OCLCQ</subfield></datafield><datafield ind1=" " ind2=" " tag="042"><subfield code="a">msc</subfield></datafield><datafield ind1="0" ind2="0" tag="245"><subfield code="a">Coralville courier.</subfield></datafield><datafield ind1=" " ind2=" " tag="260"><subfield code="a">Coralville, Iowa :</subfield><subfield code="b">Mar-dine Inc.,</subfield><subfield code="c">1968-1982.</subfield></datafield><datafield ind1=" " ind2=" " tag="300"><subfield code="a">14 v. :</subfield><subfield code="b">ill. ;</subfield><subfield code="c">32-44 cm.</subfield></datafield><datafield ind1=" " ind2=" " tag="310"><subfield code="a">Weekly</subfield></datafield><datafield ind1="0" ind2=" " tag="362"><subfield code="a">Vol. 1 [issue 1] (Nov. 27, 1968)-v. 14, issue 45 (Oct. 7, 1982).</subfield></datafield><datafield ind1=" " ind2=" " tag="500"><subfield code="a">Publishers: Frederick E. Fluegel, Mar. 5, 1981-Mar. 12, 1981; Fluegel Enterprises, Mar. 19, 1981-1982.</subfield></datafield><datafield ind1=" " ind2=" " tag="525"><subfield code="a">"Official centennial edition 1873-1973" published July 20, 1973.</subfield></datafield><datafield ind1=" " ind2=" " tag="525"><subfield code="a">Supplement called: "Iowa sports desk" dated Oct. 2, 1982, issued Oct. 7, 1982.</subfield></datafield><datafield ind1=" " ind2=" " tag="752"><subfield code="a">United States</subfield><subfield code="b">Iowa</subfield><subfield code="c">Johnson</subfield><subfield code="d">Coralville.</subfield></datafield><datafield ind1="0" ind2="7" tag="785"><subfield code="t">Weekly news (Coralville, Iowa)</subfield><subfield code="w">(DLC)sn 85049604</subfield></datafield><datafield ind1="0" ind2="7" tag="785"><subfield code="t">Weekly courier (Coralville, Iowa)</subfield><subfield code="w">(DLC)sn 85050806</subfield></datafield></record>